@article{john/moni:aer:02,
	doi = {10.1257/000282802320189069},
	url = {https://doi.org/10.1257%2F000282802320189069},
	year = 2002,
	month = {apr},
	publisher = {American Economic Association},
	volume = {92},
	number = {2},
	pages = {90--95},
	author = {John H Cochrane and Monika Piazzesi},
	title = {The Fed and Interest Rates{\textemdash}A High-Frequency Identification},
	journal = {American Economic Review}
}

@article{juny/etal:corr:2015,
  author    = {Junyoung Chung and
               Kyle Kastner and
               Laurent Dinh and
               Kratarth Goel and
               Aaron C. Courville and
               Yoshua Bengio},
  title     = {A Recurrent Latent Variable Model for Sequential Data},
  journal   = {CoRR},
  volume    = {abs/1506.02216},
  year      = {2015},
  url       = {http://arxiv.org/abs/1506.02216},
  archivePrefix = {arXiv},
  eprint    = {1506.02216},
  timestamp = {Mon, 13 Aug 2018 16:46:52 +0200},
  biburl    = {https://dblp.org/rec/journals/corr/ChungKDGCB15.bib},
  bibsource = {dblp computer science bibliography, https://dblp.org}
}

@article{hoch/sepp:nc:1997,
  title={Long Short-Term Memory},
  author={Hochreiter, Sepp and Schmidhuber, J{\"u}rgen},
  journal={Neural Computation},
  volume={9},
  number={8},
  pages={1735--1780},
  year={1997},
  publisher={MIT Press}
}